<record><leader>00000cas a2200000 i 4500</leader><controlfield tag="001">317673766</controlfield><controlfield tag="008">090403d18821uuuohumr ne      0    0eng c</controlfield><datafield ind1=" " ind2=" " tag="010"><subfield code="a">  2013257160</subfield></datafield><datafield ind1=" " ind2=" " tag="040"><subfield code="a">MUS</subfield><subfield code="b">eng</subfield><subfield code="e">rda</subfield><subfield code="c">MUS</subfield><subfield code="d">OCLCQ</subfield><subfield code="d">INU</subfield><subfield code="d">OCLCF</subfield></datafield><datafield ind1=" " ind2=" " tag="042"><subfield code="a">pcc</subfield></datafield><datafield ind1=" " ind2=" " tag="043"><subfield code="a">n-us-oh</subfield></datafield><datafield ind1=" " ind2=" " tag="090"><subfield code="a">PN4829.C5</subfield><subfield code="b">I39</subfield></datafield><datafield ind1="0" ind2="0" tag="245"><subfield code="a">Idyllic hours.</subfield></datafield><datafield ind1=" " ind2=" " tag="260"><subfield code="a">Cincinnati, O. :</subfield><subfield code="b">[Ralph Armstrong] :</subfield><subfield code="b">[Zelda Arlington]</subfield></datafield><datafield ind1=" " ind2=" " tag="300"><subfield code="a">volumes ;</subfield><subfield code="c">24-26 cm.</subfield></datafield><datafield ind1=" " ind2=" " tag="310"><subfield code="a">Monthly?</subfield></datafield><datafield ind1=" " ind2=" " tag="336"><subfield code="a">text</subfield><subfield code="b">txt</subfield><subfield code="2">rdacontent</subfield></datafield><datafield ind1=" " ind2=" " tag="337"><subfield code="a">unmediated</subfield><subfield code="b">n</subfield><subfield code="2">rdamedia</subfield></datafield><datafield ind1=" " ind2=" " tag="338"><subfield code="a">volume</subfield><subfield code="b">nc</subfield><subfield code="2">rdacarrier</subfield></datafield><datafield ind1="1" ind2=" " tag="362"><subfield code="a">Began in March 1882?</subfield></datafield><datafield ind1=" " ind2=" " tag="500"><subfield code="a">Ralph Armstrong and Zelda Arlingtn [i.e., Arlington], editors.</subfield></datafield><datafield ind1=" " ind2=" " tag="515"><subfield code="a">Some issues lack volume numbering.</subfield></datafield><datafield ind1=" " ind2=" " tag="588"><subfield code="a">Description based on: No. 3 (May '83); title from caption.</subfield></datafield><datafield ind1=" " ind2=" " tag="588"><subfield code="a">Latest issue consulted: Vol. 2, no. 5 (October 1883).</subfield></datafield><datafield ind1=" " ind2="0" tag="650"><subfield code="a">Amateur journalism</subfield><subfield code="v">Newspapers.</subfield></datafield><datafield ind1=" " ind2="0" tag="651"><subfield code="a">Cincinnati (Ohio)</subfield><subfield code="v">Newspapers.</subfield></datafield><datafield ind1=" " ind2="7" tag="655"><subfield code="a">Newspapers.</subfield><subfield code="2">fast</subfield><subfield code="0">(OCoLC)fst01423814</subfield></datafield><datafield ind1=" " ind2="7" tag="650"><subfield code="a">Amateur journalism.</subfield><subfield code="2">fast</subfield><subfield code="0">(OCoLC)fst00806670</subfield></datafield><datafield ind1=" " ind2="7" tag="651"><subfield code="a">Ohio</subfield><subfield code="z">Cincinnati.</subfield><subfield code="2">fast</subfield><subfield code="0">(OCoLC)fst01205142</subfield></datafield><datafield ind1="1" ind2=" " tag="700"><subfield code="a">Armstrong, Ralph</subfield><subfield code="c">(Amateur journalist)</subfield></datafield><datafield ind1="1" ind2=" " tag="700"><subfield code="a">Arlington, Zelda.</subfield></datafield><datafield ind1=" " ind2=" " tag="752"><subfield code="a">United States</subfield><subfield code="b">Ohio</subfield><subfield code="d">Cincinnati.</subfield></datafield></record>